<?xml version="1.0" encoding="UTF-8"?><collection xmlns="http://www.loc.gov/MARC21/slim"><record><leader>00414nam--2200133-i-4500</leader><controlfield tag="001">000002116</controlfield><controlfield tag="002">20161230</controlfield><controlfield tag="005">20161230201024</controlfield><controlfield tag="008">060222s1000------------r-----000-0-eng-d</controlfield><datafield ind1=" " ind2=" " tag="100"><subfield code="a">Goldman, Standford</subfield></datafield><datafield ind1=" " ind2=" " tag="245"><subfield code="a">Frequency analysis, modulation and noise. first edition</subfield></datafield><datafield ind1=" " ind2=" " tag="260"><subfield code="a">New York, Toronto, London, Mcgraw-hill Book Company, Inc ., 1948. Xiv + 434 P</subfield></datafield><datafield ind1=" " ind2=" " tag="490"><subfield code="a">Radio Communications Series</subfield></datafield><datafield ind1=" " ind2=" " tag="852"><subfield code="a">616</subfield></datafield></record></collection>